
@article{google_street_view,
author = {Anguelov, Dragomir and Dulong, Carole and Filip, Daniel and Frueh, Christian and Lafon, Stéphane and Lyon, Richard and Ogale, Abhijit and Vincent, Luc and Weaver, Josh},
year = {2010},
month = {06},
pages = {32-38},
title = {Google Street View: Capturing the World at Street Level},
volume = {43},
journal = {IEEE Computer},
doi = {10.1109/MC.2010.170}
}

@article{assess_ux_through_vr_2012,
author = {Rebelo, Francisco and Noriega, Paulo and Duarte, Emília and Soares, Marcelo},
year = {2012},
month = {12},
pages = {964-82},
title = {Using Virtual Reality to Assess User Experience},
volume = {54},
journal = {Human factors},
doi = {10.1177/0018720812465006}
}


@inproceedings{ux_edutaimnentVR_2017,
author = {Tcha-Tokey, Katy and Loup-Escande, Emilie and Christmann, Olivier and Richir, Simon},
year = {2017},
month = {09},
pages = {},
title = {Effects on User Experience in an Edutainment Virtual Environment: Comparison Between CAVE and HMD},
doi = {10.1145/3121283.3121284}
}

@inproceedings{VRjuggler_course_2003,
author = {Hartling, P.},
year = {2003},
month = {04},
pages = {301-},
title = {Scalable VR application authoring},
isbn = {0-7695-1882-6},
doi = {10.1109/VR.2003.1191177}
}

@inproceedings{Lebied2014InnovativeSF,
  title={Innovative Solutions for Immersive 3D Visualization Laboratory},
  author={Jacek Lebiedź and Adam Mazikowski},
  year={2014}
}

@misc{steam_vr,
  title = {Steam VR is available},
  howpublished = {\url{https://store.steampowered.com/app/250820/SteamVR/}},
  note = {Accessed: 2022-07-22}
}
